%%%%%%%%%%%%%%%%%%%%%%%%%%%% My Papers %%%%%%%%%%%%%%%%%%%%%%%%%%%%%%%%%%%
@ARTICLE{anders&brown2017,
   author = {{Anders}, E.~H. and {Brown}, B.~P.},
    title = "{Convective heat transport in stratified atmospheres at low and high Mach number}",
  journal = {Physical Review Fluids},
archivePrefix = "arXiv",
   eprint = {1611.06580},
 primaryClass = "physics.flu-dyn",
     year = 2017,
    month = aug,
   volume = 2,
   number = 8,
      eid = {083501},
    pages = {083501},
      doi = {10.1103/PhysRevFluids.2.083501},
   adsurl = {http://adsabs.harvard.edu/abs/2017PhRvF...2h3501A},
  adsnote = {Provided by the SAO/NASA Astrophysics Data System}
}


%%%%%%%%%%%%%%%%%%%%%%%%%%%% GROUP PAPERS %%%%%%%%%%%%%%%%%%%%%%%%%%%%%%%

@ARTICLE{bordwell&all2018,
   author = {{Bordwell}, B. and {Brown}, B.~P. and {Oishi}, J.~S.},
    title = "{Convective Dynamics and Disequilibrium Chemistry in the Atmospheres of Giant Planets and Brown Dwarfs}",
  journal = {\apj},
archivePrefix = "arXiv",
   eprint = {1802.03026},
 primaryClass = "astro-ph.EP",
 keywords = {brown dwarfs, hydrodynamics, planetary systems, planets and satellites: atmospheres, planets and satellites: composition, methods: numerical },
     year = 2018,
    month = feb,
   volume = 854,
      eid = {8},
    pages = {8},
      doi = {10.3847/1538-4357/aaa551},
   adsurl = {http://adsabs.harvard.edu/abs/2018ApJ...854....8B},
  adsnote = {Provided by the SAO/NASA Astrophysics Data System}
}


%%%%%%%%%%%%%%%%%%%%%%%%%%% BOOKS %%%%%%%%%%%%%%%%%%%%%%%%%%%%%%%%%%%%%

@BOOK{wall&jenkins2012,
   author = {{Wall}, J.~V. and {Jenkins}, C.~R.},
    title = "{Practical Statistics for Astronomers}",
booktitle = {Practical Statistics for Astronomers, by J.~V.~Wall , C.~R.~Jenkins, Cambridge, UK: Cambridge University Press, 2012},
     year = 2012,
    month = apr,
   adsurl = {http://adsabs.harvard.edu/abs/2012psa..book.....W},
  adsnote = {Provided by the SAO/NASA Astrophysics Data System}
}

%Also on the arXiv: https://ui.adsabs.harvard.edu/#abs/2015arXiv150601656G/abstract
@book{goluskin2016,
  doi = {10.1007/978-3-319-23941-5},
  url = {https://doi.org/10.1007/978-3-319-23941-5},
  year  = {2016},
  publisher = {Springer International Publishing},
  author = {David Goluskin},
  title = {Internally Heated Convection and Rayleigh-B{\'{e}}nard Convection}
}


%%%%%%%%%%%%%%%%%%%%%%%%%%%% DEDALUS %%%%%%%%%%%%%%%%%%%%%%%%%%%%%%%%%%%%

@MISC{burns&all2016,
   author = {{Burns}, K. and {Vasil}, G. and {Oishi}, J. and {Lecoanet}, D. and 
	{Brown}, B.},
    title = "{Dedalus: Flexible framework for spectrally solving differential equations}",
 keywords = {Software},
howpublished = {Astrophysics Source Code Library},
     year = 2016,
    month = mar,
archivePrefix = "ascl",
   eprint = {1603.015},
   adsurl = {http://adsabs.harvard.edu/abs/2016ascl.soft03015B},
  adsnote = {Provided by the SAO/NASA Astrophysics Data System}
}


% Lecoanet et al 2014 -- Discusses Navier Stokes Equations in Fully
% Compressible, Pseudo-Incompressible, and Anelastic forms.  Solves for
% wave and low Rayleigh number convection in each formulation, and includes
% full dedalus implementation of equations in appendices.
@ARTICLE{lecoanet&all2014,
   author = {{Lecoanet}, D. and {Brown}, B.~P. and {Zweibel}, E.~G. 
            and {Burns}, K.~J. and 
            {Oishi}, J.~S. and {Vasil}, G.~M.},
    title = "{Conduction in Low Mach Number Flows. 
                I. Linear and Weakly Nonlinear Regimes}",
    journal = {\apj},
    archivePrefix = "arXiv",
    eprint = {1410.5424},
    primaryClass = "astro-ph.SR",
    keywords = {conduction, convection, stars: interiors, waves},
    year = 2014,
    month = dec,
    volume = 797,
    eid = {94},
    pages = {94},
    doi = {10.1088/0004-637X/797/2/94},
    adsurl = {http://adsabs.harvard.edu/abs/2014apj...797...94L},
    adsnote = {Provided by the SAO/NASA Astrophysics Data System}
}
@ARTICLE{Lecoanet_et_al_2016_KH,
   author = {{Lecoanet}, D. and {McCourt}, M. and {Quataert}, E. and {Burns}, K.~J. and 
	{Vasil}, G.~M. and {Oishi}, J.~S. and {Brown}, B.~P. and {Stone}, J.~M. and 
	{O'Leary}, R.~M.},
    title = "{A validated non-linear Kelvin-Helmholtz benchmark for numerical hydrodynamics}",
  journal = {\mnras},
archivePrefix = "arXiv",
   eprint = {1509.03630},
 primaryClass = "astro-ph.IM",
 keywords = {hydrodynamics, instabilities, methods: numerical},
     year = 2016,
    month = feb,
   volume = 455,
    pages = {4274-4288},
      doi = {10.1093/mnras/stv2564},
   adsurl = {http://adsabs.harvard.edu/abs/2016MNRAS.455.4274L},
  adsnote = {Provided by the SAO/NASA Astrophysics Data System}
}


%Uri Ascher's paper on runge kutta timestepping -- where rk443 and rk222 come from.
@article{ascher&all1997,
	author = {{Ascher}, U.~M. and {Ruuth}, S.~J. and {Spiteri}, R.~J.},
	title = "{Implicit-explicit Runge-Kutta methods for time-dependent partial differential equations}",
	journal = {Applied Numerical Mathematics},
	year    = {1997},
	volume  = {25},
	pages   = {151-167}
}

%%%%%%%%%%%%%%%%%%%%%%%%%%%%% MATH %%%%%%%%%%%%%%%%%%%%%%%%%%%%%%%%%%%%%%

@ARTICLE{brown&all2012,
   author = {{Brown}, B.~P. and {Vasil}, G.~M. and {Zweibel}, E.~G.},
    title = "{Energy Conservation and Gravity Waves in Sound-proof Treatments of Stellar Interiors. Part I. Anelastic Approximations}",
  journal = {\apj},
archivePrefix = "arXiv",
   eprint = {1207.2804},
 primaryClass = "astro-ph.SR",
 keywords = {stars: interiors, Sun: interior},
     year = 2012,
    month = sep,
   volume = 756,
      eid = {109},
    pages = {109},
      doi = {10.1088/0004-637X/756/2/109},
   adsurl = {http://adsabs.harvard.edu/abs/2012apj...756..109B},
  adsnote = {Provided by the SAO/NASA Astrophysics Data System}
}



%%%%%%%%%%%%%%%%%%%%%%%%  MESA %%%%%%%%%%%%%%%%%%%%%%%%%%%%%%%%%%%%%%%%%

@ARTICLE{paxton&all2011,
   author = {{Paxton}, B. and {Bildsten}, L. and {Dotter}, A. and {Herwig}, F. and 
	{Lesaffre}, P. and {Timmes}, F.},
    title = "{Modules for Experiments in Stellar Astrophysics (MESA)}",
  journal = {The Astrophysical Journal Supplement Series},
archivePrefix = "arXiv",
   eprint = {1009.1622},
 primaryClass = "astro-ph.SR",
 keywords = {methods: numerical, stars: evolution, stars: general},
     year = 2011,
    month = jan,
   volume = 192,
      eid = {3},
    pages = {3},
      doi = {10.1088/0067-0049/192/1/3},
   adsurl = {http://adsabs.harvard.edu/abs/2011ApJS..192....3P},
  adsnote = {Provided by the SAO/NASA Astrophysics Data System}
}

@ARTICLE{paxton&all2013,
   author = {{Paxton}, B. and {Cantiello}, M. and {Arras}, P. and {Bildsten}, L. and 
	{Brown}, E.~F. and {Dotter}, A. and {Mankovich}, C. and {Montgomery}, M.~H. and 
	{Stello}, D. and {Timmes}, F.~X. and {Townsend}, R.},
    title = "{Modules for Experiments in Stellar Astrophysics (MESA): Planets, Oscillations, Rotation, and Massive Stars}",
  journal = {The Astrophysical Journal Supplement Series},
archivePrefix = "arXiv",
   eprint = {1301.0319},
 primaryClass = "astro-ph.SR",
 keywords = {asteroseismology, methods: numerical, planets and satellites: physical evolution, stars: evolution, stars: massive, stars: rotation},
     year = 2013,
    month = sep,
   volume = 208,
      eid = {4},
    pages = {4},
      doi = {10.1088/0067-0049/208/1/4},
   adsurl = {http://adsabs.harvard.edu/abs/2013ApJS..208....4P},
  adsnote = {Provided by the SAO/NASA Astrophysics Data System}
}

@ARTICLE{paxton&all2015,
   author = {{Paxton}, B. and {Marchant}, P. and {Schwab}, J. and {Bauer}, E.~B. and 
	{Bildsten}, L. and {Cantiello}, M. and {Dessart}, L. and {Farmer}, R. and 
	{Hu}, H. and {Langer}, N. and {Townsend}, R.~H.~D. and {Townsley}, D.~M. and 
	{Timmes}, F.~X.},
    title = "{Modules for Experiments in Stellar Astrophysics (MESA): Binaries, Pulsations, and Explosions}",
  journal = {The Astrophysical Journal Supplement Series},
archivePrefix = "arXiv",
   eprint = {1506.03146},
 primaryClass = "astro-ph.SR",
 keywords = {binaries: general, methods: numerical, nuclear reactions, nucleosynthesis, abundances, shock waves, stars: evolution, stars: oscillations},
     year = 2015,
    month = sep,
   volume = 220,
      eid = {15},
    pages = {15},
      doi = {10.1088/0067-0049/220/1/15},
   adsurl = {http://adsabs.harvard.edu/abs/2015ApJS..220...15P},
  adsnote = {Provided by the SAO/NASA Astrophysics Data System}
}

@ARTICLE{paxton&all2018,
   author = {{Paxton}, B. and {Schwab}, J. and {Bauer}, E.~B. and {Bildsten}, L. and 
	{Blinnikov}, S. and {Duffell}, P. and {Farmer}, R. and {Goldberg}, J.~A. and 
	{Marchant}, P. and {Sorokina}, E. and {Thoul}, A. and {Townsend}, R.~H.~D. and 
	{Timmes}, F.~X.},
    title = "{Modules for Experiments in Stellar Astrophysics (MESA): Convective Boundaries, Element Diffusion, and Massive Star Explosions}",
  journal = {The Astrophysical Journal Supplement Series},
archivePrefix = "arXiv",
   eprint = {1710.08424},
 primaryClass = "astro-ph.SR",
 keywords = {convection, diffusion, hydrodynamics, methods: numerical, stars: evolution, supernovae: general },
     year = 2018,
    month = feb,
   volume = 234,
      eid = {34},
    pages = {34},
      doi = {10.3847/1538-4365/aaa5a8},
   adsurl = {http://adsabs.harvard.edu/abs/2018ApJS..234...34P},
  adsnote = {Provided by the SAO/NASA Astrophysics Data System}
}






%%%%%%%%%%%%%%%%%%%%%%%%% FULLY IMPLICIT / MUSIC %%%%%%%%%%%%%%%%%%%%%%%%

@ARTICLE{viallet&all2011,
   author = {{Viallet}, M. and {Baraffe}, I. and {Walder}, R.},
    title = "{Towards a new generation of multi-dimensional stellar evolution models: development of an implicit hydrodynamic code}",
  journal = {Astronomy \& Astrophysics},
archivePrefix = "arXiv",
   eprint = {1103.1524},
 primaryClass = "astro-ph.IM",
 keywords = {hydrodynamics, convection, methods: numerical, stars: interiors},
     year = 2011,
    month = jul,
   volume = 531,
      eid = {A86},
    pages = {A86},
      doi = {10.1051/0004-6361/201016374},
   adsurl = {http://adsabs.harvard.edu/abs/2011A%26A...531A..86V},
  adsnote = {Provided by the SAO/NASA Astrophysics Data System}
}

@ARTICLE{viallet&all2013,
   author = {{Viallet}, M. and {Baraffe}, I. and {Walder}, R.},
    title = "{Comparison of different nonlinear solvers for 2D time-implicit stellar hydrodynamics}",
  journal = {Astronomy \& Astrophysics},
archivePrefix = "arXiv",
   eprint = {1305.6581},
 primaryClass = "astro-ph.SR",
 keywords = {hydrodynamics, methods: numerical, stars: interiors},
     year = 2013,
    month = jul,
   volume = 555,
      eid = {A81},
    pages = {A81},
      doi = {10.1051/0004-6361/201220725},
   adsurl = {http://adsabs.harvard.edu/abs/2013A%26A...555A..81V},
  adsnote = {Provided by the SAO/NASA Astrophysics Data System}
}

@ARTICLE{viallet&all2016,
   author = {{Viallet}, M. and {Goffrey}, T. and {Baraffe}, I. and {Folini}, D. and 
	{Geroux}, C. and {Popov}, M.~V. and {Pratt}, J. and {Walder}, R.
	},
    title = "{A Jacobian-free Newton-Krylov method for time-implicit multidimensional hydrodynamics. Physics-based preconditioning for sound waves and thermal diffusion}",
  journal = {Astronomy \& Astrophysics},
archivePrefix = "arXiv",
   eprint = {1512.03662},
 primaryClass = "astro-ph.IM",
 keywords = {hydrodynamics, methods: numerical, stars: interiors},
     year = 2016,
    month = feb,
   volume = 586,
      eid = {A153},
    pages = {A153},
      doi = {10.1051/0004-6361/201527339},
   adsurl = {http://adsabs.harvard.edu/abs/2016A%26A...586A.153V},
  adsnote = {Provided by the SAO/NASA Astrophysics Data System}
}



%%%%%%%%%%%%%%%%%%321D

@ARTICLE{arnett&all2015,
   author = {{Arnett}, W.~D. and {Meakin}, C. and {Viallet}, M. and {Campbell}, S.~W. and 
	{Lattanzio}, J.~C. and {Moc{\'a}k}, M.},
    title = "{Beyond Mixing-length Theory: A Step Toward 321D}",
  journal = {\apj},
archivePrefix = "arXiv",
   eprint = {1503.00342},
 primaryClass = "astro-ph.SR",
 keywords = {convection, stars: evolution, stars: oscillations, supernovae: general, turbulence},
     year = 2015,
    month = aug,
   volume = 809,
      eid = {30},
    pages = {30},
      doi = {10.1088/0004-637X/809/1/30},
   adsurl = {http://adsabs.harvard.edu/abs/2015ApJ...809...30A},
  adsnote = {Provided by the SAO/NASA Astrophysics Data System}
}


@ARTICLE{cristini&all2016,
   author = {{Cristini}, A. and {Meakin}, C. and {Hirschi}, R. and {Arnett}, D. and 
	{Georgy}, C. and {Viallet}, M.},
    title = "{Linking 1D evolutionary to 3D hydrodynamical simulations of massive stars}",
  journal = {Physica Scripta},
archivePrefix = "arXiv",
   eprint = {1601.01572},
 primaryClass = "astro-ph.SR",
     year = 2016,
    month = mar,
   volume = 91,
   number = 3,
      eid = {034006},
    pages = {034006},
      doi = {10.1088/0031-8949/91/3/034006},
   adsurl = {http://adsabs.harvard.edu/abs/2016PhyS...91c4006C},
  adsnote = {Provided by the SAO/NASA Astrophysics Data System}
}







%%%%%%%%%%%%%%%%%%%%%%%%% POLYTROPES %%%%%%%%%%%%%%%%%%%%%%%%%%%%%%%%%%%%

% Brandenburg et al 2005 -- Discusses polytropes with m --> -1 which carry
% almost all of the flux through convection rather than radiation.
@ARTICLE{brandenburg&all2005,
   author = {{Brandenburg}, A. and {Chan}, K.~L. and {Nordlund}, {\AA}. and 
    {Stein}, R.~F.},
    title = "{Effect of the radiative background flux in convection}",
  journal = {Astronomische Nachrichten},
   eprint = {astro-ph/0508404},
 keywords = {Sun: convection, turbulence},
     year = 2005,
    month = oct,
   volume = 326,
    pages = {681-692},
      doi = {10.1002/asna.200510411},
   adsurl = {http://adsabs.harvard.edu/abs/2005AN....326..681B},
  adsnote = {Provided by the SAO/NASA Astrophysics Data System}
}

@ARTICLE{kapyla&all2017,
   author = {{K{\"a}pyl{\"a}}, P.~J. and {Rheinhardt}, M. and {Brandenburg}, A. and 
	{Arlt}, R. and {K{\"a}pyl{\"a}}, M.~J. and {Lagg}, A. and {Olspert}, N. and 
	{Warnecke}, J.},
    title = "{Extended Subadiabatic Layer in Simulations of Overshooting Convection}",
  journal = {Astrophys. J. Lett.},
archivePrefix = "arXiv",
   eprint = {1703.06845},
 primaryClass = "astro-ph.SR",
 keywords = {convection, hydrodynamics, turbulence},
     year = 2017,
    month = aug,
   volume = 845,
      eid = {L23},
    pages = {L23},
      doi = {10.3847/2041-8213/aa83ab},
   adsurl = {http://adsabs.harvard.edu/abs/2017ApJ...845L..23K},
  adsnote = {Provided by the SAO/NASA Astrophysics Data System}
}


%polytropes with cool opacities
@ARTICLE{jones1976,
   author = {{Jones}, C.~A.},
    title = "{Acoustic overstability in a polytropic atmosphere}",
  journal = {\mnras},
 keywords = {Frequency Stability, Polytropic Processes, Sound Amplification, Adiabatic Conditions, Atmospheric Models, Optical Thickness, Temperature Gradients, Thermal Diffusion},
     year = 1976,
    month = jul,
   volume = 176,
    pages = {145-159},
      doi = {10.1093/mnras/176.1.145},
   adsurl = {http://adsabs.harvard.edu/abs/1976MNRAS.176..145J},
  adsnote = {Provided by the SAO/NASA Astrophysics Data System}
}

@ARTICLE{brummell&all2002,
   author = {{Brummell}, N.~H. and {Clune}, T.~L. and {Toomre}, J.},
    title = "{Penetration and Overshooting in Turbulent Compressible Convection}",
  journal = {\apj},
 keywords = {Convection, Stars: Interiors, Sun: Interior, Turbulence},
     year = 2002,
    month = may,
   volume = 570,
    pages = {825-854},
      doi = {10.1086/339626},
   adsurl = {http://adsabs.harvard.edu/abs/2002ApJ...570..825B},
  adsnote = {Provided by the SAO/NASA Astrophysics Data System}
}



%%%%%%%%%%%%%%%%%%%%%%%% BOUSSINESQ CONVECTION %%%%%%%%%%%%%%%%%%  



%Compressible boussinesq equations
@ARTICLE{spiegel&veronis1960,
   author = {{Spiegel}, E.~A. and {Veronis}, G.},
    title = "{On the Boussinesq Approximation for a Compressible Fluid.}",
  journal = {\apj},
     year = 1960,
    month = mar,
   volume = 131,
    pages = {442},
      doi = {10.1086/146849},
   adsurl = {http://adsabs.harvard.edu/abs/1960ApJ...131..442S},
  adsnote = {Provided by the SAO/NASA Astrophysics Data System}
}

@ARTICLE{grossman&lohse2000,
   author = {{Grossmann}, S. and {Lohse}, D.},
    title = "{Scaling in thermal convection: a unifying theory}",
  journal = {J. Fluid Mech.},
     year = 2000,
    month = mar,
   volume = 407,
    pages = {27-56},
   adsurl = {http://adsabs.harvard.edu/abs/2000JFM...407...27G},
  adsnote = {Provided by the SAO/NASA Astrophysics Data System}
}

@ARTICLE{stevens&all2010,
       author = {{Stevens}, Richard J.~A.~M. and {Verzicco}, Roberto and {Lohse}, Detlef},
        title = "{Radial boundary layer structure and Nusselt number in
        Rayleigh-B{\'e}nard convection}",
      journal = {Journal of Fluid Mechanics},
         year = 2010,
        month = Jan,
       volume = {643},
        pages = {495-507},
          doi = {10.1017/S0022112009992461},
       adsurl = {https://ui.adsabs.harvard.edu/#abs/2010JFM...643..495S},
      adsnote = {Provided by the SAO/NASA Astrophysics Data System}
}


 

@ARTICLE{king&all2012,
   author = {{King}, E.~M. and {Stellmach}, S. and {Aurnou}, J.~M.},
    title = "{Heat transfer by rapidly rotating Rayleigh-B{\'e}nard convection}",
  journal = {J. Fluid Mech.},
     year = 2012,
    month = jan,
   volume = 691,
    pages = {568-582},
      doi = {10.1017/jfm.2011.493},
   adsurl = {http://adsabs.harvard.edu/abs/2012JFM...691..568K},
  adsnote = {Provided by the SAO/NASA Astrophysics Data System}
}



@ARTICLE{julien&all2012,
   author = {{Julien}, K. and {Knobloch}, E. and {Rubio}, A.~M. and {Vasil}, G.~M.
	},
    title = "{Heat Transport in Low-Rossby-Number Rayleigh-B{\'e}nard Convection}",
  journal = {Phys. Rev. Lett.},
 keywords = {Rotating and swirling flows, Thermal convection, Turbulent flows},
     year = 2012,
    month = dec,
   volume = 109,
   number = 25,
      eid = {254503},
    pages = {254503},
      doi = {10.1103/PhysRevLett.109.254503},
   adsurl = {http://adsabs.harvard.edu/abs/2012PhRvL.109y4503J},
  adsnote = {Provided by the SAO/NASA Astrophysics Data System}
}

%Julien rapidly rotating boundary layers
@ARTICLE{julien&all2016,
   author = {{Julien}, K. and {Aurnou}, J.~M. and {Calkins}, M.~A. and {Knobloch}, E. and 
	{Marti}, P. and {Stellmach}, S. and {Vasil}, G.~M.},
    title = "{A nonlinear model for rotationally constrained convection with Ekman pumping}",
  journal = {J. Fluid Mech.},
archivePrefix = "arXiv",
   eprint = {1601.08247},
 primaryClass = "physics.flu-dyn",
     year = 2016,
    month = jul,
   volume = 798,
    pages = {50-87},
      doi = {10.1017/jfm.2016.225},
   adsurl = {http://adsabs.harvard.edu/abs/2016JFM...798...50J},
  adsnote = {Provided by the SAO/NASA Astrophysics Data System}
}

%Goluskin shear stuff
@article{goluskin&all2014,
title = "Convectively driven shear and decreased heat flux",
doi = "10.1017/jfm.2014.577",
publisher = "Cambridge University Press",
address = "Cambridge, UK",
author = "David Goluskin and Hans Johnston and Glenn R. Flierl and Edward A. Spiegel",
volume = "759",
pages = "360-385",
year = "2014",
month = "11",
day = "25",
journal = "J. Fluid Mech."
}

@article{ahlers&all2009,
  title = {Heat transfer and large scale dynamics in turbulent Rayleigh-B\'enard convection},
  author = {Ahlers, Guenter and Grossmann, Siegfried and Lohse, Detlef},
  journal = {Rev. Mod. Phys.},
  volume = {81},
  issue = {2},
  pages = {503--537},
  numpages = {0},
  year = {2009},
  month = {Apr},
  publisher = {American Physical Society},
  doi = {10.1103/RevModPhys.81.503},
}


%Great derivation of fixed-flux nusselt number
@ARTICLE{otero&all2002,
   author = {{Otero}, J. and {Wittenberg}, R.~W. and {Worthing}, R.~A. and 
	{Doering}, C.~R.},
    title = "{Bounds on Rayleigh B{\'e}nard convection with an imposed heat flux}",
  journal = {J. Fluid Mech.},
     year = 2002,
    month = dec,
   volume = 473,
    pages = {191-199},
      doi = {10.1017/S0022112002002410},
   adsurl = {http://adsabs.harvard.edu/abs/2002JFM...473..191O},
  adsnote = {Provided by the SAO/NASA Astrophysics Data System}
}


%Provides a description of the differences between RB convection between
% fixed flux and fixed temperature boundary conditions.  Shows that, in 2D,
% at high Rayleigh number, the temperature profile between these two conditions
% converges.  Ensures that boundary layers are resolved.
@ARTICLE{johnston&doering2009,
   author = {{Johnston}, H. and {Doering}, C.~R.},
    title = "{Comparison of Turbulent Thermal Convection between Conditions of Constant Temperature and Constant Flux}",
  journal = {Phys. Rev. Lett.},
archivePrefix = "arXiv",
   eprint = {0811.0401},
 primaryClass = "physics.flu-dyn",
 keywords = {Turbulent convective heat transfer, Spectral methods, Natural convection},
     year = 2009,
    month = feb,
   volume = 102,
   number = 6,
      eid = {064501},
    pages = {064501},
      doi = {10.1103/PhysRevLett.102.064501},
   adsurl = {http://adsabs.harvard.edu/abs/2009PhRvL.102f4501J},
  adsnote = {Provided by the SAO/NASA Astrophysics Data System}
}


%Description goes here
@ARTICLE{vanderpoel2015,
   author = {{van der Poel}, E.~P. and {Ostilla-M{\'o}nico}, R. and {Verzicco}, R. and 
    {Grossmann}, S. and {Lohse}, D.},
    title = "{Logarithmic Mean Temperature Profiles and Their Connection to Plume Emissions in Turbulent Rayleigh-B{\'e}nard Convection}",
  journal = {Phys. Rev. Lett.},
archivePrefix = "arXiv",
   eprint = {1510.01568},
 primaryClass = "physics.flu-dyn",
 keywords = {Buoyancy-driven instabilities, Direct numerical simulations, Turbulent convective heat transfer},
     year = 2015,
    month = oct,
   volume = 115,
   number = 15,
      eid = {154501},
    pages = {154501},
      doi = {10.1103/PhysRevLett.115.154501},
   adsurl = {http://adsabs.harvard.edu/abs/2015PhRvL.115o4501V},
  adsnote = {Provided by the SAO/NASA Astrophysics Data System}
}

% Numerical simulations and direct experiments of high-Ra RB convection.  A logarithmic
% (not isothermal) temperature profile is found in the middle of the domain.
@ARTICLE{ahlers2012,
   author = {{Ahlers}, G. and {Bodenschatz}, E. and {Funfschilling}, D. and 
    {Grossmann}, S. and {He}, X. and {Lohse}, D. and {Stevens}, R.~J.~A.~M. and 
    {Verzicco}, R.},
    title = "{Logarithmic Temperature Profiles in Turbulent Rayleigh-B{\'e}nard Convection}",
  journal = {Phys. Rev. Lett.},
archivePrefix = "arXiv",
   eprint = {1204.6465},
 primaryClass = "physics.flu-dyn",
 keywords = {Turbulent convective heat transfer, Buoyancy-driven instabilities, Direct numerical simulations, Rotating and swirling flows},
     year = 2012,
    month = sep,
   volume = 109,
   number = 11,
      eid = {114501},
    pages = {114501},
      doi = {10.1103/PhysRevLett.109.114501},
   adsurl = {http://adsabs.harvard.edu/abs/2012PhRvL.109k4501A},
  adsnote = {Provided by the SAO/NASA Astrophysics Data System}
}

%Cool stiffness study in Boussinesq convection
@ARTICLE{couston&all2017,
   author = {{Couston}, L.-A. and {Lecoanet}, D. and {Favier}, B. and {Le Bars}, M.
	},
    title = "{Dynamics of mixed convective-stably-stratified fluids}",
  journal = {Physical Review Fluids},
archivePrefix = "arXiv",
   eprint = {1709.06454},
 primaryClass = "physics.flu-dyn",
     year = 2017,
    month = sep,
   volume = 2,
   number = 9,
      eid = {094804},
    pages = {094804},
      doi = {10.1103/PhysRevFluids.2.094804},
   adsurl = {http://adsabs.harvard.edu/abs/2017PhRvF...2i4804C},
  adsnote = {Provided by the SAO/NASA Astrophysics Data System}
}

%spherical sorta stratified convection, mixed BCs.
@ARTICLE{korre&all2017,
   author = {{Korre}, L. and {Brummell}, N. and {Garaud}, P.},
    title = "{Weakly non-Boussinesq convection in a gaseous spherical shell}",
  journal = {\pre},
archivePrefix = "arXiv",
   eprint = {1704.00817},
 primaryClass = "physics.flu-dyn",
     year = 2017,
    month = sep,
   volume = 96,
   number = 3,
      eid = {033104},
    pages = {033104},
      doi = {10.1103/PhysRevE.96.033104},
   adsurl = {http://adsabs.harvard.edu/abs/2017PhRvE..96c3104K},
  adsnote = {Provided by the SAO/NASA Astrophysics Data System}
}

%Cylindrical studies that some new, super high Ra studies are based on
@ARTICLE{verzicco&camussi1997,
   author = {{Verzicco}, R. and {Camussi}, R.},
    title = "{Transitional regimes of low-Prandtl thermal convection in a cylindrical cell}",
  journal = {Physics of Fluids},
     year = 1997,
    month = may,
   volume = 9,
    pages = {1287-1295},
      doi = {10.1063/1.869244},
   adsurl = {http://adsabs.harvard.edu/abs/1997PhFl....9.1287V},
  adsnote = {Provided by the SAO/NASA Astrophysics Data System}
}

%Ra=1e12 convection sims (cylinders)
@ARTICLE{stevens&all2011,
   author = {{Stevens}, R.~J.~A.~M. and {Lohse}, D. and {Verzicco}, R.},
    title = "{Prandtl and Rayleigh number dependence of heat transport in high Rayleigh number thermal convection}",
  journal = {Journal of Fluid Mechanics},
archivePrefix = "arXiv",
   eprint = {1102.2307},
 primaryClass = "physics.flu-dyn",
     year = 2011,
    month = dec,
   volume = 688,
    pages = {31-43},
      doi = {10.1017/jfm.2011.354},
   adsurl = {http://adsabs.harvard.edu/abs/2011JFM...688...31S},
  adsnote = {Provided by the SAO/NASA Astrophysics Data System}
}



######################### SOLAR DYNAMO STUFF #########################

@ARTICLE{stix2003,
   author = {{Stix}, M.},
    title = "{On the time scale of energy transport in the sun}",
  journal = {Solar Physics},
     year = 2003,
    month = jan,
   volume = 212,
    pages = {3-6},
      doi = {10.1023/A:1022952621810},
   adsurl = {http://adsabs.harvard.edu/abs/2003SoPh..212....3S},
  adsnote = {Provided by the SAO/NASA Astrophysics Data System}
}





%%%%%%%%%%%%%%%%%%%%%%%%% COMPRESSIBLE CONVECTION %%%%%%%%%%%%%%%%%%%%%

% Onset stuff, etc.  One of the first!
@ARTICLE{spiegel1965,
   author = {{Spiegel}, E.~A.},
    title = "{Convective Instability in a Compressible Atmosphere. I.}",
  journal = {\apj},
     year = 1965,
    month = apr,
   volume = 141,
    pages = {1068-1090},
      doi = {10.1086/148197},
   adsurl = {http://adsabs.harvard.edu/abs/1965ApJ...141.1068S},
  adsnote = {Provided by the SAO/NASA Astrophysics Data System}
}



% Provides a description of the effects of different bcs on compressible convection.
@ARTICLE{hossain1993,
   author = {{Hossain}, M. and {Mullan}, D.~J.},
    title = "{Simulation of Compressible Convection: A Comparative Study of Boundary Conditions}",
  journal = {\apj},  
 keywords = {CONVECTION, HYDRODYNAMICS, STARS: INTERIORS},
     year = 1993,
    month = oct,
   volume = 416,
    pages = {733},
      doi = {10.1086/173273},
   adsurl = {http://adsabs.harvard.edu/abs/1993apj...416..733H},
  adsnote = {Provided by the SAO/NASA Astrophysics Data System}
}
 % {\apj},


% Examines 3D compressible convection in a polytropic atmosphere at four different
% values of the Prandtl number, holding PrRa = const.  I only really believe 3 of
% their runs, as they used different code for the 4th.  Still, lots of good analysis
% of their fluxes, and generally lots of good stuff here.
@ARTICLE{cattaneo&all1991,
   author = {{Cattaneo}, F. and {Brummell}, N.~H. and {Toomre}, J. and {Malagoli}, A. and 
    {Hurlburt}, N.~E.},
    title = "{Turbulent compressible convection}",
  journal = {\apj},
 keywords = {Compressible Flow, Free Convection, Late Stars, Magnetohydrodynamic Turbulence, Stellar Interiors, Stellar Motions, Astronomical Spectroscopy, Statistical Analysis, Stellar Evolution, Stellar Models, Transport Properties},
     year = 1991,
    month = mar,
   volume = 370,
    pages = {282-294},
      doi = {10.1086/169814},
   adsurl = {http://adsabs.harvard.edu/abs/1991apj...370..282C},
  adsnote = {Provided by the SAO/NASA Astrophysics Data System}
}

@ARTICLE{Hurlburt&all1984,
   author = {{Hurlburt}, N.~E. and {Toomre}, J. and {Massaguer}, J.~M.},
    title = "{Two-dimensional compressible convection extending over multiple scale heights}",
  journal = {\apj},
 keywords = {Compressible Flow, Convection, Stellar Atmospheres, Atmospheric Stratification, Computational Fluid Dynamics, Fourier Analysis, Temporal Distribution, Two Dimensional Flow},
     year = 1984,
    month = jul,
   volume = 282,
    pages = {557-573},
      doi = {10.1086/162235},
   adsurl = {http://adsabs.harvard.edu/abs/1984apj...282..557H},
  adsnote = {Provided by the SAO/NASA Astrophysics Data System}
}

%multitropes
@ARTICLE{hurlburt&all1986,
   author = {{Hurlburt}, N.~E. and {Toomre}, J. and {Massaguer}, J.~M.},
    title = "{Nonlinear compressible convection penetrating into stable layers and producing internal gravity waves}",
  journal = {\apj},
 keywords = {Boundary Layer Stability, Compressible Flow, Convection, Gravity Waves, Internal Waves, Stellar Envelopes, Astronomical Models, Boundary Value Problems, Magnetohydrodynamic Flow, Nonlinearity, Stellar Interiors, Time Dependence},
     year = 1986,
    month = dec,
   volume = 311,
    pages = {563-577},
      doi = {10.1086/164796},
   adsurl = {http://adsabs.harvard.edu/abs/1986ApJ...311..563H},
  adsnote = {Provided by the SAO/NASA Astrophysics Data System}
}

@ARTICLE{gilman&glatzmaier1981,
   author = {{Gilman}, P.A. and {Glatzmaier}, G.A.},
    title = "{Compressible convection in a rotating spherical shell. I - Anelastic equations. II - A linear anelastic model. III - Analytic model for compressible vorticity waves}",
  journal = {\apjs},
 keywords = {Anelasticity, Compressible Fluids, Convection, Solar Physics, Solar Rotation, Spherical Shells, Vorticity, Boussinesq Approximation, Linear Equations, Mass Flow, Newton-Raphson Method, Nonlinear Equations, Perturbation Theory, Plasma Density},
     year = 1981,
    month = feb,
   volume = 45,
    pages = {335-388},
      doi = {10.1086/190714},
   adsurl = {http://adsabs.harvard.edu/abs/1981ApJS...45..335G},
  adsnote = {Provided by the SAO/NASA Astrophysics Data System}
}

@ARTICLE{brummell&all1996,
   author = {{Brummell}, N.~H. and {Hurlburt}, N.~E. and {Toomre}, J.},
    title = "{Turbulent Compressible Convection with Rotation. I. Flow Structure and Evolution}",
  journal = {\apj},
 keywords = {CONVECTION, HYDRODYNAMICS, STARS: INTERIORS, SUN: ROTATION, TURBULENCE},
     year = 1996,
    month = dec,
   volume = 473,
    pages = {494},
      doi = {10.1086/178161},
   adsurl = {http://adsabs.harvard.edu/abs/1996ApJ...473..494B},
  adsnote = {Provided by the SAO/NASA Astrophysics Data System}
}

%EARLY 2D simulation
@ARTICLE{graham1975,
   author = {{Graham}, E.},
    title = "{Numerical simulation of two-dimensional compressible convection}",
  journal = {J. Fluid Mech.},
 keywords = {Compressible Flow, Convective Flow, Digital Simulation, Free Convection, Two Dimensional Flow, Boundary Value Problems, Boussinesq Approximation, Equations Of Motion, Finite Difference Theory, Flow Stability, Ideal Gas, Rayleigh Number, Thermal Conductivity, Viscous Fluids},
     year = 1975,
    month = aug,
   volume = 70,
    pages = {689-703},
      doi = {10.1017/S0022112075002297},
   adsurl = {http://adsabs.harvard.edu/abs/1975JFM....70..689G},
  adsnote = {Provided by the SAO/NASA Astrophysics Data System}
}

%Later 2D simulation at moderate Ra with shocks
@ARTICLE{cattaneo&all1990,
   author = {{Cattaneo}, F. and {Hurlburt}, N.~E. and {Toomre}, J.},
    title = "{Supersonic convection}",
  journal = {Astrophys. J. Lett.},
 keywords = {Convection, Shock Waves, Stellar Interiors, Supersonics, Rayleigh Number, Spatial Resolution, Time Dependence, Wave Propagation},
     year = 1990,
    month = feb,
   volume = 349,
    pages = {L63-L66},
      doi = {10.1086/185652},
   adsurl = {http://adsabs.harvard.edu/abs/1990ApJ...349L..63C},
  adsnote = {Provided by the SAO/NASA Astrophysics Data System}
}

%Early 2D sim
@ARTICLE{chan&all1982,
   author = {{Chan}, K.~L. and {Sofia}, S. and {Wolff}, C.~L.},
    title = "{Turbulent compressible convection in a deep atmosphere. I - Preliminary two-dimensional results}",
  journal = {\apj},
 keywords = {Atmospheric Turbulence, Compressible Fluids, Computerized Simulation, Convective Flow, Stellar Atmospheres, Atmospheric Boundary Layer, Atmospheric Temperature, Flow Distribution, Mixing Length Flow Theory, Navier-Stokes Equation, Spatial Distribution, Stellar Evolution, Vertical Distribution},
     year = 1982,
    month = dec,
   volume = 263,
    pages = {935-943},
      doi = {10.1086/160561},
   adsurl = {http://adsabs.harvard.edu/abs/1982ApJ...263..935C},
  adsnote = {Provided by the SAO/NASA Astrophysics Data System}
}


%Early 3D sim
@ARTICLE{malagoli&all1990,
   author = {{Malagoli}, A. and {Cattaneo}, F. and {Brummell}, N.~H.},
    title = "{Turbulent supersonic convection in three dimensions}",
  journal = {ApJL},
 keywords = {Convection, Solar Atmosphere, Three Dimensional Models, Turbulence Effects, Mach Number, Supersonic Flow, Time Dependence},
     year = 1990,
    month = sep,
   volume = 361,
    pages = {L33-L36},
      doi = {10.1086/185820},
   adsurl = {http://adsabs.harvard.edu/abs/1990ApJ...361L..33M},
  adsnote = {Provided by the SAO/NASA Astrophysics Data System}
}




%%%%%%%%%%%%%%%%%%%%%%%%% MIXING LENGTH THEORY %%%%%%%%%%%%%%%%%%%%%%%%%

@ARTICLE{brandenburg2016,
    author    = {{Brandenburg}, A.},
    title     = "{Stellar Mixing Length theory with entropy rain}",
    year      = 2016,
    journal   = {arXiv},
    doi       = {arXiv:1504.03189},
    adsurl    = {https://adsabs.harvard.edu/#abs/2015arXiv150403189B/abstract}
}



%%%%%%%%%%%%%%%%%%%%%%%%% DYNAMO SIMULATIONS / PRETTY SPHERES %%%%%%%%%%%%%%%%%%%%%%%%%%%
@ARTICLE{brown&all2010,
   author = {{Brown}, B.~P. and {Browning}, M.~K. and {Brun}, A.~S. and {Miesch}, M.~S. and 
    {Toomre}, J.},
    title = "{Persistent Magnetic Wreaths in a Rapidly Rotating Sun}",
  journal = {\apj},
archivePrefix = "arXiv",
   eprint = {1011.2831},
 primaryClass = "astro-ph.SR",
 keywords = {convection, magnetohydrodynamics: MHD, stars: interiors, stars: magnetic field, stars: rotation, Sun: interior},
     year = 2010,
    month = mar,
   volume = 711,
    pages = {424-438},
      doi = {10.1088/0004-637X/711/1/424},
   adsurl = {http://adsabs.harvard.edu/abs/2010apj...711..424B},
  adsnote = {Provided by the SAO/NASA Astrophysics Data System}
}



@ARTICLE{guerrero&all2016,
   author = {{Guerrero}, G. and {Smolarkiewicz}, P.~K. and {de Gouveia Dal Pino}, E.~M. and 
    {Kosovichev}, A.~G. and {Mansour}, N.~N.},
    title = "{On the Role of Tachoclines in Solar and Stellar Dynamos}",
  journal = {\apj},
archivePrefix = "arXiv",
   eprint = {1507.04434},
 primaryClass = "astro-ph.SR",
 keywords = {stars: activity, stars: interiors, stars: magnetic field, Sun: interior, Sun: magnetic fields, Sun: rotation},
     year = 2016,
    month = mar,
   volume = 819,
      eid = {104},
    pages = {104},
      doi = {10.3847/0004-637X/819/2/104},
   adsurl = {http://adsabs.harvard.edu/abs/2016apj...819..104G},
  adsnote = {Provided by the SAO/NASA Astrophysics Data System}
}


@ARTICLE{featherstone&hindman2016,
   author = {{Featherstone}, N.~A. and {Hindman}, B.~W.},
    title = "{The Spectral Amplitude of Stellar Convection and Its Scaling in the High-Rayleigh-number Regime}",
  journal = {\apj},
archivePrefix = "arXiv",
   eprint = {1511.02396},
 primaryClass = "astro-ph.SR",
 keywords = {stars: fundamental parameters, stars: interiors, stars: kinematics and dynamics, Sun: helioseismology, Sun: interior, Sun: magnetic fields},
     year = 2016,
    month = feb,
   volume = 818,
      eid = {32},
    pages = {32},
      doi = {10.3847/0004-637X/818/1/32},
   adsurl = {http://adsabs.harvard.edu/abs/2016ApJ...818...32F},
  adsnote = {Provided by the SAO/NASA Astrophysics Data System}
}






%%%%%%%%%%%%%%%%%%%%%%%%%% SOLAR REVIEWS %%%%%%%%%%%%%%%%%%%%%%%%%%%%%%%%

% Living solar review on surface convection
@ARTICLE{nordlund2009,
   author = {{Nordlund}, {\AA}. and {Stein}, R.~F. and {Asplund}, M.},
    title = "{Solar Surface Convection}",
  journal = {Living Reviews in Solar Physics},
 keywords = {solar physics, convection, granulation, mesogranulation, supergranulation},
     year = 2009,
    month = apr,
   volume = 6,
      doi = {10.12942/lrsp-2009-2},
   adsurl = {http://adsabs.harvard.edu/abs/2009LRSP....6....2N},
  adsnote = {Provided by the SAO/NASA Astrophysics Data System}
}

% Living solar review on convection zone dynamics (helioseismology, etc)
@ARTICLE{miesch2005,
   author = {{Miesch}, M.~S.},
    title = "{Large-Scale Dynamics of the Convection Zone and Tachocline}",
  journal = {Living Reviews in Solar Physics},
 keywords = {Solar Interior},
     year = 2005,
    month = apr,
   volume = 2,
      doi = {10.12942/lrsp-2005-1},
   adsurl = {http://adsabs.harvard.edu/abs/2005LRSP....2....1M},
  adsnote = {Provided by the SAO/NASA Astrophysics Data System}
}

@ARTICLE{christensen-dalsgaard2002,
   author = {{Christensen-Dalsgaard}, J.},
    title = "{Helioseismology}",
  journal = {Reviews of Modern Physics},
   eprint = {astro-ph/0207403},
 keywords = {Helioseismology pulsations and shock waves, Solar interior, Electric and magnetic fields solar magnetism, Particle emission solar wind, Solar neutrinos},
     year = 2002,
    month = nov,
   volume = 74,
    pages = {1073-1129},
      doi = {10.1103/RevModPhys.74.1073},
   adsurl = {http://adsabs.harvard.edu/abs/2002RvMP...74.1073C},
  adsnote = {Provided by the SAO/NASA Astrophysics Data System}
}

%A BRIEF overview of observational constraints and simulational advances in understanding
% global & local solar motions
@ARTICLE{hanasoge&all2015,
   author = {{Hanasoge}, S. and {Miesch}, M.~S. and {Roth}, M. and {Schou}, J. and 
    {Sch{\"u}ssler}, M. and {Thompson}, M.~J.},
    title = "{Solar Dynamics, Rotation, Convection and Overshoot}",
  journal = {Space Science Reviews},
archivePrefix = "arXiv",
   eprint = {1503.08539},
 primaryClass = "astro-ph.SR",
 keywords = {Sun, Dynamics, Rotation, Convection, Overshoot},
     year = 2015,
    month = dec,
   volume = 196,
    pages = {79-99},
      doi = {10.1007/s11214-015-0144-0},
   adsurl = {http://adsabs.harvard.edu/abs/2015SSRv..196...79H},
  adsnote = {Provided by the SAO/NASA Astrophysics Data System}
}





%%%%%%%%%%%%%%%%%%%%%%%%%%%% Axel's Citations %%%%%%%%%%%%%%%%%%%%%%%%%%%%%%%

@ARTICLE{blackman&field2003,
   author = {{Blackman}, E.~G. and {Field}, G.~B.},
    title = "{A new approach to turbulent transport of a mean scalar}",
  journal = {Physics of Fluids},
   eprint = {astro-ph/0302013},
 keywords = {Turbulent flows, Classical transport, Ordinary differential equations, Ordinary and partial differential equations, boundary value problems},
     year = 2003,
    month = nov,
   volume = 15,
    pages = {L73-L76},
      doi = {10.1063/1.1613281},
   adsurl = {http://adsabs.harvard.edu/abs/2003PhFl...15L..73B},
  adsnote = {Provided by the SAO/NASA Astrophysics Data System}
}

@ARTICLE{barekat&brandenburg2014,
   author = {{Barekat}, A. and {Brandenburg}, A.},
    title = "{Near-polytropic stellar simulations with a radiative surface}",
  journal = {Astronomy and Astrophysics},
archivePrefix = "arXiv",
   eprint = {1308.1660},
 primaryClass = "astro-ph.SR",
 keywords = {radiative transfer, hydrodynamics, Sun: atmosphere},
     year = 2014,
    month = nov,
   volume = 571,
      eid = {A68},
    pages = {A68},
      doi = {10.1051/0004-6361/201322461},
   adsurl = {http://adsabs.harvard.edu/abs/2014A%26A...571A..68B},
  adsnote = {Provided by the SAO/NASA Astrophysics Data System}
}

@ARTICLE{unno&spiegel1966,
   author = {{Unno}, W. and {Spiegel}, E.~A.},
    title = "{The Eddington Approximation in the Radiative Heat Equation}",
  journal = {Publications of the ASJ},
     year = 1966,
   volume = 18,
    pages = {85},
   adsurl = {http://adsabs.harvard.edu/abs/1966PASJ...18...85U},
  adsnote = {Provided by the SAO/NASA Astrophysics Data System}
}

@ARTICLE{edwards1990,
   author = {{Edwards}, J.~M.},
    title = "{Two-dimensional radiative convection in the Eddington approximation}",
  journal = {Monthly Notices of the RAS},
 keywords = {Computational Astrophysics, Convective Heat Transfer, Eddington Approximation, Radiative Transfer, Stellar Envelopes, Benard Cells, Convection Currents, Multigrid Methods, Perturbation Theory, Thermal Boundary Layer},
     year = 1990,
    month = jan,
   volume = 242,
    pages = {224-234},
      doi = {10.1093/mnras/242.2.224},
   adsurl = {http://adsabs.harvard.edu/abs/1990MNRAS.242..224E},
  adsnote = {Provided by the SAO/NASA Astrophysics Data System}
}

@ARTICLE{brandenburg&all2004,
   author = {{Brandenburg}, A. and {K{\"a}pyl{\"a}}, P.~J. and {Mohammed}, A.
    },
    title = "{Non-Fickian diffusion and tau approximation from numerical turbulence}",
  journal = {Physics of Fluids},
   eprint = {astro-ph/0306521},
 keywords = {Isotropic turbulence, homogeneous turbulence},
     year = 2004,
    month = apr,
   volume = 16,
    pages = {1020-1027},
      doi = {10.1063/1.1651480},
   adsurl = {http://adsabs.harvard.edu/abs/2004PhFl...16.1020B},
  adsnote = {Provided by the SAO/NASA Astrophysics Data System}
}

%%%%% NESSF 2015 %%%%%
@article{miesch&toomre2009,
title = {Turbulence, Magnetism, and Shear in Stellar Interiors},
author = {Mark S. Miesch and Juri Toomre},
journal = {Annu. Rev. Fluid Mech.},
volume = {41},
pages = {317-345},
year={2009}
}

@article{Charbonneau2014,
title = {Solar Dynamo Theory},
author = {Paul Charbonneau},
journal = {Annu. Rev. Fluid Mech.},
volume = {52},
pages ={251-290},
year= {2014}
}

@article{Charbonneau2013,
title = {Where is the solar dynamo?},
author = {Paul Charbonneau},
journal = {JPCS},
volume = {440},
year = {2013}
}

@article{Clune1999,
title = {Computational Aspects of a Code to study rotating turbulent convection in spherical shells},
author={T.C. Clune and others},
journal = {Parallel Comput.},
volume = {25},
pages = {361-380},
year = {1999}
}

%author = {T.C. Clune and  J.R. Elliott and M.S. Miesch and J. Toomre and G.A. Glatzmaier},
@article{Prusa2008,
title = {EULAG, a computational model for multiscale flows.},
author = {J.M. Prusa and P. Smolarkiewicz and A. Wyszogrodzki},
year = {2008},
journal = {Comput. Fluids},
volume = {37},
pages = {1193-1207}
}

@article{Brown2011,
title = {Magnetic cycles in a convective dynamo simulation of a young solar-type star},
author = {Benjamin P Brown and others},
year = {2011},
journal = {Astrophys. J.},
volume = {731}
}
%author = {Benjamin P Brown and Mark S Miesch and Matthew K Browning and Allan Sacha Brun and Juri Toomre},
@article{Ghizaru2010,
title = {Magnetic cycles in global large-eddy simulations of solar convection},
author = {M. Ghizaru and P. Charbonneau and P.K. Smolarkiewicz},
year = {2010},
journal = {Astrophys. J. Lett.},
volume = {715}
}

%author={Etienne Racine and Paul Charbonneau and Mihai Ghizaru and Amélie Bouchat and Piotr K. Smolarkiewicz},

@article{Racine2011,
author={Etienne Racine and others},
title={On the Mode of Dynamo Action in a Global Large-eddy Simulation of Solar Convection},
  journal={Astrophys. J.},
  volume={735},
  number={1},
  pages={46},
  url={http://stacks.iop.org/0004-637X/735/i=1/a=46},
  year={2011}
}
%author = {Nicholas J. Nelson and Benjamin P. Brown and Allan Sacha Brun and Mark S. Miesch and Juri Toomre},
@article{nelson2013,
author = {Nicholas J. Nelson and others},
title = {Magnetic Wreaths and Cycles in Convective Dynamos},
journal = {Astrophys. J.},
volume = {762},
year = {2013}
}


@article{lord2014,
author = {J. W. Lord and others},
title = {The Role of subsurface flows in solar surface convection: modeling the
    spectrum of supergranular and larger scale flows},
journal = {Astrophys. J.},
volume = {793},
year = {2014}
}

@article{howe2009,
author = {Rachel Howe},
title = {Solar Interior and its Variation"},
journal = {Living Rev. Solar Phys.},
volume = {6},
year = {2009}
}

@article{Pizzolato2003,
author = {N. Pizzolato and others},
title = {The stellar activity-rotation relationship revisited: dependence of saturated
    and non-saturated X-ray emission regimes on stellar mass for late-type
    dwarfs},
journal = {A\&A},
volume = {397},
year = {2003}
}


@article{Brun2011,
author = {Allan Sacha Brun and Mark S. Miesch and Juri Toomre},
title = {Modeling the dynamic coupling of solar convection with radiative interior},
journal = {Astrophys. J.},
volume = {742},
year = {2011}
}

@article{Alvan2014,
author = {Lucie Alvan and Allan Sacha Brun and Stephane Mathis},
title = {Theoretical seismology in 3D: nonlinear simulations of internal gravity waves in solar-like stars},
journal = {A\&A},
volume = {565},
year = {2014}
}
